@MISC{Jutting93checkingalgorithms,
    author = {L.S. van Benthem Jutting and J. McKinna and R. Pollack},
    title = {Checking Algorithms for Pure Type Systems},
    year = {1993}
}


@incollection{Benthem:93,
  AUTHOR = {L. S. van Benthem Jutting and J. McKinna and R. Pollack},
  TITLE = {Checking Algorithms for Pure Type Systems},
  YEAR = 1993,
  BOOKTITLE = {Types for Proofs and Programs},
  EDITOR = {H. Barendregt and T. Nipkow},
  PUBLISHER = {Springer},
  ADDRESS = {Berlin, Heidelberg},
  PAGES = {19-61},
  KEYWORDS = {}
}


@inproceedings{DBLP:conf/types/JuttingMP93,
  author    = {L. S. van Benthem Jutting and
               James McKinna and
               Robert Pollack},
  title     = {Checking Algorithms for Pure Type Systems},
  booktitle = {Types for Proofs and Programs, International Workshop TYPES'93, Nijmegen,
               The Netherlands, May 24-28, 1993, Selected Papers},
  pages     = {19--61},
  year      = {1993},
  crossref  = {DBLP:conf/types/1993},
  url       = {http://dx.doi.org/10.1007/3-540-58085-9_71},
  doi       = {10.1007/3-540-58085-9_71},
  timestamp = {Tue, 14 Jun 2011 20:35:58 +0200},
  biburl    = {http://dblp2.uni-trier.de/rec/bib/conf/types/JuttingMP93},
  bibsource = {dblp computer science bibliography, http://dblp.org}
}

@proceedings{DBLP:conf/types/1993,
  editor    = {Henk Barendregt and
               Tobias Nipkow},
  title     = {Types for Proofs and Programs, International Workshop TYPES'93, Nijmegen,
               The Netherlands, May 24-28, 1993, Selected Papers},
  series    = {Lecture Notes in Computer Science},
  volume    = {806},
  publisher = {Springer},
  year      = {1994},
  isbn      = {3-540-58085-9},
  timestamp = {Thu, 13 Jun 2002 11:20:04 +0200},
  biburl    = {http://dblp2.uni-trier.de/rec/bib/conf/types/1993},
  bibsource = {dblp computer science bibliography, http://dblp.org}
}
